1675 2835
159 88 229 144 24

164 227 432 295 hereditat.
466 231 521 280 11.
556 231 637 284 23.
674 230 1009 298 intelligatur,
1051 231 1222 284 heredi
1252 233 1590 285 fideicommis-

163 324 273 356 sum
305 309 588 358 restituendi
619 311 873 358 necessitas
907 311 1041 360 nulla
1072 312 1220 361 fuerit
1242 313 1468 380 injuncta.
1503 314 1589 363 At—

163 387 251 451 qui
283 388 371 435 vix
404 388 497 436 erit
529 379 813 454 quisquam,
835 389 923 454 qui
953 407 1129 456 negare
1156 393 1330 458 possit,
1363 393 1590 458 frequen-

162 475 261 513 tem
292 466 392 533 jam
426 477 533 516 ante
566 467 847 518 Ancus’rtm
880 467 1028 517 fuisse
1070 487 1213 519 usum
1252 470 1591 520 fideicommis-

161 561 349 606 sorum,
391 545 508 595 licet
541 545 604 593 ad
638 563 696 594 ea
727 546 1019 594 restituenda
1060 545 1199 596 heres
1234 548 1343 613 cogi
1374 554 1471 597 non
1503 568 1590 616 po-

162 623 353 673 tuerit„
392 624 448 671 In
494 621 713 672 favorem
752 625 1055 690 potissimum
1095 625 1383 674 seminarum
1391 660 1410 682 ,
1467 644 1589 692 quae

161 702 428 748 secundum
485 702 644 767 legem
689 703 954 751 Voconiam
1005 702 1068 749 ab
1112 720 1197 764 eo,
1266 705 1351 768 qui
1400 715 1590 753 centum

161 779 319 830 millia
354 779 478 828 aeris
513 796 681 829 census
716 790 862 842 esset,
919 779 1119 829 heredes
1153 781 1342 830 institui
1373 800 1470 830 non
1502 800 1591 849 po—

160 866 331 914 terant,
362 857 843 910 fideicommissorum
873 859 1110 907 restitutio
1132 857 1393 908 heredibus
1425 849 1590 927 injun-

160 935 379 1000 gebatur.
449 936 595 1003 Cujus
641 937 716 985 rei
757 938 1033 1004 exemplum
1076 938 1258 988 Clcnno
1294 940 1356 987 de
1386 938 1592 988 Finibus

157 1014 214 1063 ΙΙ.
253 1018 331 1064 17.
372 1013 450 1064 his
491 1015 656 1064 verbis
702 1016 876 1065 refert:
943 1016 1159 1065 Memini
1200 1035 1277 1066 me
1318 1018 1491 1067 adesse
1532 1023 1588 1069 P.

160 1092 373 1141 Sextilio
406 1096 569 1157 Rufo,
620 1112 769 1155 quum
812 1093 858 1141 is
900 1095 971 1141 acl
1015 1095 1200 1142 amicos
1242 1095 1319 1142 ita
1352 1098 1588 1159 deferret,

159 1189 213 1220 «se
247 1190 350 1220 esse
381 1173 611 1220 heredem
657 1174 711 1234 Q.
743 1171 919 1224 Fadio'
940 1174 1108 1236 Gallo,
1155 1177 1299 1238 cujus
1339 1173 1393 1223 in
1434 1182 1592 1223 testa-

162 1258 323 1298 mento
356 1250 599 1316 scriptum
621 1258 762 1307 esset,
797 1268 850 1298 se
883 1252 944 1298 ab
979 1270 1031 1299 eo
1066 1260 1312 1315 rogatum,
1348 1260 1405 1300 ut
1436 1253 1590 1301 omnis
1658 1268 1661 1271 ’

160 1329 415 1377 hereditas
450 1331 519 1377 ad
535 1329 714 1394 filiam
753 1329 1046 1395 perveniret.
1115 1331 1406 1380 Hereditatis
1450 1333 1590 1380 resti—

160 1409 283 1456 tutio
294 1445 310 1469 ,
377 1408 493 1456 licet
539 1418 647 1456 ante
701 1408 982 1457 Aneus'rum
1038 1408 1101 1454 ab
1150 1408 1351 1456 arbitrio
1398 1408 1589 1457 heredis

154 1486 410 1553 penderet,
457 1497 643 1549 tamen,
688 1487 732 1535 si
771 1485 912 1535 heres
944 1486 1022 1533 vir
1063 1486 1242 1552 probus
1287 1498 1334 1535 et
1365 1486 1589 1535 honestus

157 1576 305 1628 esset,
340 1565 615 1631 saepissime
647 1564 805 1613 fiebat.
875 1565 1033 1626 Quam
1077 1564 1140 1612 ob
1182 1582 1286 1612 rem
1328 1567 1589 1630 quaeritur,

159 1646 268 1710 quis
303 1645 450 1693 sacris
484 1644 632 1691 suerit
666 1643 913 1709 alligatus,
959 1642 1098 1691 heres
1113 1680 1127 1704 ,
1182 1644 1269 1709 qui
1313 1660 1420 1693 eam
1452 1645 1591 1692 resti-

159 1725 333 1785 tuerit,
382 1740 445 1771 an
487 1724 573 1788 qui
606 1739 713 1771 eam
744 1723 1012 1771 restitutam
1046 1723 1298 1788 acceperit.
1365 1722 1588 1784 Multum,

159 1813 214 1850 ut
248 1803 443 1868 opinor,
486 1802 698 1862 interest,
747 1801 985 1865 quomodo
1018 1801 1237 1848 restituta
1270 1801 1417 1848 fuerit
1449 1799 1590 1847 here-

157 1881 298 1930 ditas.
368 1881 422 1929 Si
466 1878 605 1933 heres
649 1879 830 1928 aditam
875 1878 1190 1928 hereditatem
1211 1880 1303 1941 ei,
1356 1880 1437 1927 cui
1485 1897 1590 1928 eam

157 1961 408 2010 restituere
453 1968 647 2024 rogatus
702 1969 829 2020 erat,
896 1976 1092 2007 nummo
1144 1975 1240 2007 uno
1292 1957 1588 2020 vendiderat,

158 2040 290 2104 quod
335 2039 452 2088 olim
493 2038 677 2086 factum
731 2038 880 2085 fuisse
926 2039 1082 2086 Gisns
1139 2041 1261 2085 Inst.
1310 2039 1486 2084 Comm.
1533 2037 1617 2086 IL}

160 2118 198 2184 ᾧ.
225 2119 337 2168 252.
373 2126 589 2178 testatur,
623 2115 830 2164 dubium
863 2133 960 2164 non
994 2126 1110 2178 erat,
1146 2116 1265 2181 quin
1296 2113 1453 2177 heres,
1487 2132 1591 2162 ma-

156 2205 317 2256 neret,
364 2194 570 2259 ideoque
615 2203 740 2247 tum,
764 2194 1083 2243 creditoribus
1127 2202 1395 2255 teneretur,
1441 2210 1590 2258 quum

156 2274 400 2325 debitores
436 2274 724 2322 conveniret.
794 2272 1094 2340 Quapropter
1145 2273 1291 2321 etiam
1337 2289 1473 2321 sacra
1506 2272 1591 2320 de-

155 2352 307 2402 bebat
342 2354 645 2414 continuare;
707 2369 913 2419 quorum
956 2352 1015 2401 de
1048 2352 1277 2419 impensis
1321 2351 1418 2400 sibi
1450 2368 1619 2418 prae--

154 2433 337 2482 standis
380 2433 556 2482 iisdem
595 2430 988 2499 ,stipulationibus
1038 2448 1206 2480 cavere
1248 2429 1347 2479 sibi
1389 2438 1590 2498 poterat,

157 2512 334 2578 quibus
371 2512 471 2564 sibi
505 2511 721 2572 cavebat,
755 2521 824 2572 ut,
859 2512 903 2558 si
935 2509 1227 2558 hereditario
1255 2512 1448 2558 nomine
1471 2518 1591 2555 esset

157 2590 526 2652 condemnatuS,
577 2600 658 2638 aut
692 2590 800 2655 quis
836 2607 947 2638 cum
980 2606 1036 2637 eo
1072 2597 1259 2655 ageret,
1303 2586 1591 2637 indemnitas

162 2670 260 2719 sibi
293 2679 628 2736 praestaretur.
688 2668 806 2723 ‘'Jam,
837 2684 978 2728 vero,
1033 2669 1077 2716 si
1116 2666 1256 2715 heres
1291 2666 1457 2729 alteri,
1512 2665 1591 2712 cui
