1675 2835
168 120 234 167 20

171 253 339 301 Lectio
373 253 473 301 loci
504 256 647 320 supra
679 252 889 302 laudati:
947 261 1037 302 aut
1076 252 1146 303 δι”
1169 257 1328 320 maJ'or
1366 273 1488 321 pars
1516 274 1602 322 pe-

172 331 351 380 cuniae
384 335 554 394 legata
588 339 689 386 est,
725 332 772 379 si
805 331 923 379 inde
955 333 1209 397 quippiam
1242 334 1453 398 ceperit,
1501 352 1604 382 om-

170 410 288 458 nino
321 409 573 476 probanda
607 420 692 472 est,
726 426 882 476 neque
915 410 983 458 ita
1016 411 1259 474 mutanda,
1293 421 1348 460 ut
1379 412 1432 460 in
1452 412 1599 461 codd.

166 489 302 537 MSS.
346 489 590 535 nonnullis
635 489 791 553 posita
834 497 945 551 est‚·
995 496 1087 536 aut
1121 489 1169 537 si
1201 489 1318 537 inde
1351 489 1603 554 quippiam

168 564 380 632 ceperit,
436 575 542 613 tum
575 566 692 632 quia
724 565 907 628 tribus,
957 583 1055 616 non
1103 577 1307 634 quatuor
1348 568 1503 617 modis
1538 586 1602 617 ex

167 646 498 709 antiquiorum
539 645 827 694 Pontificum
879 646 1113 693 sententia
1152 646 1301 694 sacris
1356 646 1463 711 quis
1516 647 1602 694 ad-

161 723 337 789 stringi
370 732 559 790 potest,
606 732 712 771 tum
745 724 861 789 quia
905 724 968 772 ad
998 723 1285 790 legatarium
1307 725 1601 790 -Partiarium

164 803 314 860 sacris
350 802 651 850 onerandum
684 804 798 850 satis
831 801 979 850 fuisse
1002 802 1365 868 probavimus,
1419 804 1462 854 si
1505 804 1600 852 mi·-

161 881 346 930 nimam
382 878 531 945 legati
574 890 763 946 partem
796 881 1069 947 accepisset.

808 1016 848 1077 §.
917 1015 963 1064 8.

297 1116 362 1165 At
427 1133 541 1165 vero
596 1117 662 1165 M.
721 1116 1003 1178 ScAEvonn,
1069 1116 1297 1165 Pontifex
1354 1117 1595 1167 Maximus

164 1195 315 1242 alium
334 1194 569 1242 'ordinem
601 1212 941 1261 personarum,
1002 1210 1149 1259 quae,
1210 1196 1325 1260 quia
1365 1196 1597 1261 patrimo-

161 1274 299 1321 nium
335 1274 607 1340 accipiunt,
675 1274 824 1322 sacris
860 1284 1149 1335 onerantur,
1189 1274 1506 1339 ‘excogitavit
1550 1283 1597 1320 et

163 1350 354 1406 effecit,
405 1362 460 1399 ut
495 1353 823 1417 antiquiorum
854 1352 1143 1399 Pontificum
1175 1353 1407 1399 sententia
1440 1351 1597 1415 negli-

160 1440 371 1495 geretur.
442 1430 601 1478 Locus
647 1431 872 1478 classicus
916 1440 987 1478 est
1028 1429 1157 1495 apud
1199 1429 1489 1477 CicERONEM
1535 1429 1597 1475 de

156 1505 314 1571 Legg.
350 1508 406 1556 ΙΙ.
446 1510 523 1557 19.
592 1509 754 1557 Verba
799 1518 928 1556 sunt:
980 1509 1323 1569 Quaeruntur‚
1373 1506 1457 1569 qui
1501 1508 1595 1554 ad-

154 1586 484 1650 stringantur
550 1587 726 1636 sacris.
795 1586 1052 1636 Heredum
1109 1605 1261 1635 causa
1309 1585 1595 1650 justissima

161 1673 248 1713 est.
284 1668 439 1714 Nulla
474 1674 548 1713 est
583 1665 713 1713 enim
743 1684 980 1731 persona,
1018 1683 1143 1728 quae
1176 1666 1245 1712 ad
1276 1664 1436 1713 vicem
1471 1666 1592 1726 ejus,

160 1742 247 1807 qui
280 1744 391 1793 vita
426 1745 776 1808 emigraverit,
831 1744 1036 1810 propius
1084 1744 1309 1791 accedat.
1381 1741 1591 1796 Deinde,

158 1821 247 1885 qui
293 1826 450 1870 morte
501 1831 855 1872 testamentove
908 1827 1015 1887 ejus
1065 1822 1359 1869 tantundem
1411 1819 1593 1886 capiat,

162 1908 405 1964 quantum
441 1920 606 1950 omnes
639 1904 855 1951 heredes,
925 1903 988 1949 Id
1036 1918 1222 1963 quoque
1254 1900 1438 1948 ordine.
1505 1903 1596 1946 Est

160 1979 292 2028 enim
326 1980 397 2028 ad
429 1980 501 2041 id,
538 1982 669 2044 quod
698 1980 1004 2048 propositum
1029 1987 1118 2036 est,
1156 1978 1594 2027 accommodatum.

165 2058 334 2107 Tertio
368 2061 488 2121 loco,
522 2060 570 2107 si
611 2079 749 2108 nemo
793 2061 863 2108 sit
896 2062 1064 2114 heres,
1118 2058 1165 2106 is
1208 2057 1294 2120 qui
1336 2058 1399 2104 de
1440 2055 1591 2110 bonis,

159 2156 287 2201 quae
321 2140 429 2202 ejus
458 2138 694 2201 fuerint,
766 2156 917 2203 quum
961 2136 1201 2192 moritur,
1272 2154 1365 2183 usu
1410 2132 1594 2199 ceperit

153 2216 431 2281 plurimum
462 2218 775 2283 possidendo.
850 2220 1082 2279 Quarto‚·
1110 2214 1221 2279 qui,
1257 2214 1304 2261 si
1337 2231 1473 2264 nemo
1507 2211 1592 2273 sit,

158 2294 246 2357 qui
279 2298 436 2343 ullam
470 2315 575 2343 rem
609 2297 820 2363 ceperit,
874 2298 937 2344 de
971 2293 1300 2343 creditoribus
1344 2296 1449 2355 ejus·
1478 2293 1595 2355 plu-⁴

154 2374 344 2421 rimum
374 2381 551 2422 servet.
619 2380 863 2424 Extrema
906 2374 999 2422 illa
1029 2389 1239 2439 persona
1272 2376 1371 2430 est,
1426 2375 1482 2415 ut
1527 2367 1590 2422 is,

154 2452 243 2514 qui
276 2452 351 2508 ei,
389 2452 476 2515 qui
512 2462 739 2503 mortuus
771 2455 866 2515 sit,
911 2452 1175 2519 pecuniam
1210 2448 1459 2508 debuerit,
1505 2464 1592 2494 ne-

157 2530 377 2595 minique
410 2551 521 2581 eam
537 2534 757 2596 solverit,
788 2532 999 2600 preinde
1018 2532 1276 2586 habeatur,
1314 2525 1457 2592 quasi
1482 2543 1592 2574 eam

153 2611 418 2675 pecuniam
453 2613 654 2678 ceperit.
723 2614 972 2675 Quaenam
1018 2627 1247 2678 personae
1293 2607 1372 2655 his
1423 2605 1592 2654 classi-

153 2689 257 2739 bus
283 2692 431 2740 sacris
467 2703 749 2757 onerentur,
814 2693 956 2741 multi
990 2690 1245 2757 explicare
1288 2685 1584 2735 studuerunt.
