1675 2835
146 101 224 154 <230

114 262 122 270 ²
144 239 471 293 hereditatem
500 242 863 312 repudiaverat,
905 244 1279 317 easta-primis
1293 287 1308 313 ,
1322 270 1325 273 ·
1340 251 1387 301 si
1416 251 1579 321 legiti-

147 339 261 371 mae
294 324 610 373 successionis
640 323 797 374 hahes
826 327 1090 391 rationem,
1125 337 1227 377 erat
1256 345 1432 379 vacans
1444 348 1478 394 ,1
1494 345 1581 380 ne-
1642 356 1645 359 ⁴

141 417 263 466 :que
284 401 609 468 aderat1.2quis,
641 410 734 470 qui.
748 404 897 454 sacris
921 417 1224 469 onerarem,
1237 420 1434 474 praeter
1451 427 1579 467 eum,

152 481 241 546 qui
272 480 403 528 hona
435 483 656 531 vacantia
678 500 767 551 pro
786 481 965 532 herede
986 496 1281 553 usuceperat.
1316 487 1398 536 Sic
1422 505 1581 553 causa,

150 575 241 607 cur
272 569 381 626 post
413 559 685 611 absolutam
727 562 922 611 demum
952 566 1294 632 usucapionem
1326 567 1475 615 sacris
1511 568 1583 615 al-

117 637 330 703 ssligetur
359 637 530 688 rerum
555 639 956 691 hereditariarum
997 638 1263 710 possessor,
1329 661 1426 694 non
1471 662 1583 695 cum

141 719 234 766 Ill.
269 717 515 767 Savmmo
550 720 605 767 in
636 738 693 769 eo
728 720 1001 787 quaerenda
1034 732 1120 784 est,
1153 723 1287 788 quod
1313 724 1582 772 dominium

146 813 216 844 ex
249 796 355 864 jure
389 796 655 860 Quiritium
685 800 1011 849 necessarium
1055 812 1253 868 aparte
1300 802 1401 870 ejus
1433 802 1582 869 fuerit

149 875 215 922 ad
248 892 386 924 sacra
418 877 467 924 ei
498 878 805 944 imponenda,
838 878 925 926 sed
954 880 1009 927 in
1038 896 1094 927 eo
1121 881 1284 946 ‘posita
1317 898 1419 929 esse
1439 882 1584 929 ‘vide-

113 993 115 995 >
143 964 246 1017 tur,
281 954 413 1021 quod
446 965 555 1004 ante
590 973 737 1022 quam
768 959 998 1025 usucapio
1033 968 1155 1007 esset
1174 959 1388 1026 impleta,
1421 960 1582 1008 incer-

117 1059 119 1062 ·
146 1043 253 1080 tum
287 1043 423 1095 erat,
452 1044 618 1083 utrum
648 1033 791 1084 heres·
821 1047 1008 1085 mature
1044 1036 1174 1085 adita
1206 1035 1470 1085 hereditate
1502 1054 1580 1085 res

140 1127 228 1160 eas
262 1112 596 1161 vindicaturus
630 1125 767 1163 esset.
803 1114 937 1177 Quae
971 1114 1208 1164 dubitatio
1241 1125 1350 1181 post
1372 1131 1581 1163 annuam

143 1190 498 1257 possessionem
548 1193 779 1241 cessabat.
846 1194 907 1241 Ei
952 1203 1134 1256 autem,
1190 1194 1290 1259 -qui
1333 1210 1399 1241 ex
1438 1193 1596 1241 honis·

144 1269 366 1319 defuncti
396 1271 680 1320 vacantibus
711 1272 978 1338 plurimum
1006 1289 1105 1339 vpro
1122 1271 1315 1320 herede
1347 1286 1581 1338 usucepe—

140 1348 235 1410 -rit,
270 1364 408 1397 sacra
441 1349 536 1397 soli
567 1350 716 1398 fuisse
749 1351 1004 1417 imposita,
1038 1351 1133 1413 ita,
1174 1360 1230 1398 ut
1263 1350 1459 1416 opinor,
1495 1350 1580 1397 de-

140 1426 282 1476 fendi
321 1437 491 1493 potest.
557 1428 811 1477 Pontifices
858 1445 956 1476 non
1013 1445 1124 1477 cum
1175 1428 1378 1494 singulis
1432 1428 1579 1478 rebus

141 1505 388 1567 defuncti,
423 1506 508 1555 sed
543 1523 654 1554 cum
685 1506 975 1573 patrimonio
1010 1522 1146 1555 sacra
1181 1506 1435 1573 conjuncta
1478 1523 1578 1553 esse

140 1585 413 1633 voluerunt.
471 1585 712 1652 Usucapio
746 1596 907 1633 autem
938 1602 1027 1652 pro
1060 1584 1238 1633 herede
1272 1594 1374 1632 erat
1407 1585 1579 1650 acqui-

143 1665 256 1714 sitio
292 1674 394 1713 tam
424 1681 589 1713 rerum
622 1664 922 1732 singularum
955 1681 1101 1730 quam
1145 1663 1293 1712 totius
1337 1661 1580 1712 heredita-

141 1745 224 1793 tis.
290 1744 455 1809 ltaque
477 1761 602 1793 veum
636 1745 789 1792 cuivis
824 1762 888 1792 ex
919 1743 1102 1811 populo
1132 1760 1211 1791 res
1243 1743 1473 1808 singulas.
1491 1740 1579 1789 he-

141 1813 397 1874 reditarias
430 1824 510 1872 vel
541 1823 704 1890 plures
735 1823 816 1872 vel
848 1823 1104 1890 pauciores
1137 1820 1502 1888 apprehendere*
1530 1830 1579 1868 et

138 1920 230 1970 pro
277 1900 457 1951 herede
505 1918 769 1969 usucapere
815 1902 1010 1963 liceret,
1075 1900 1186 1948 fieri
1214 1917 1332 1947 :non
1376 1908 1578 1966 poterat,

140 1982 264 2048 quin
298 1999 383 2030 eae
416 1999 495 2030 res
530 1981 585 2029 in
625 1981 891 2031 multorum
934 1990 1104 2028 essent>
1134 1988 1380 2046 potestate.
1449 1975 1579 2038 Quos

141 2078 308 2110 omnes
340 2060 490 2110 sacris
537 2059 728 2108 onerari
770 2076 868 2108 non
900 2058 1056 2107 solum
1096 2067 1264 2107 contra
1282 2055 1518 2120 regulam
1551 2071 1580 2102 a

140 2139 459 2189 Ponti-ficibus
492 2140 790 2205 propositam
803 2174 818 2200 ,
851 2155 1022 2186 verum
1054 2138 1202 2185 etiam
1235 2134 1580 2184 difficillimum

139 2218 337 2281 fuisset,
385 2218 501 2285 quia
534 2218 623 2266 vix
654 2226 844 2285 poterat
874 2216 1087 2284 sperari,
1137 2214 1270 2277 fore,
1294 2224 1368 2263 -ut
1400 2229 1580 2273 omnes,

139 2299 231 2365 qui
262 2315 412 2347 unam
445 2297 704 2346 alteramve
730 2312 852 2345 erem
885 2295 1102 2344 defuncti
1132 2311 1222 2362 pro
1255 2292 1432 2341 herede
1465 2308 1582 2339 usu-

140 2378 404 2445 cepissent,
453 2378 795 2445 reperirentur.
904 2373 1003 2441 rgo⁴
1026 2374 1183 2440 ignoti
1214 2372 1267 2421 fi
1287 2380 1422 2420 erant
1435 2407 1450 2433 ,
1495 2369 1583 2434 qui

141 2458 293 2507 sacris
328 2457 657 2522 alligarentur.
727 2454 886 2517 Quam
933 2452 998 2500 ob
1044 2468 1148 2500 rem
1180 2450 1434 2499 Pontifices
1471 2463 1582 2495 eum

141 2537 233 2603 qui
265 2536 533 2585 maximam
564 2544 753 2603 partem
783 2532 1024 2582 bonorum
1055 2530 1273 2580 defuncti
1296 2544 1385 2596 pro
1404 2524 1581 2575 herede

142 2626 447 2686 usuceperat,
478 2616 629 2665 sacris
662 2612 961 2662 onerandum
994 2627 1096 2661 esse
1132 2615 1446 2670 censuerunt,
1478 2614 1585 2653 tum

140 2698 263 2765 quia
295 2698 517 2764 reliques
532 2727 567 2760 ,·
591 2695 705 2763 -qui
755 2692 851 2744 hoc
900 2692 1046 2743 modo
1097 2691 1291 2767 luorum
1331 2687 1585 2755 cepissent,
