1675 2835
167 106 244 160 225

169 245 269 292 nod?-
306 239 359 292 5.
382 258 499 307 pag.
535 241 652 294 504.
688 244 721 294 l.
756 246 791 294 l,
824 245 1062 295 rationem
1091 245 1351 310 hebemus,
1377 246 1468 296 ubi
1506 249 1598 297 GeL
1636 280 1639 284 -

166 317 314 367 Hnoo
358 320 551 369 scribit:
619 323 780 372 Schon
822 323 899 373 bei
942 326 1156 374 Plautus
1212 325 1284 374 ist
1323 343 1467 375 zwar
1510 327 1602 374 der·

166 399 608 460 sprackwffrtliche
629 402 939 450 'Ans-druch:
984 403 1093 452 sine
1124 404 1298 453 ‘sacris
1329 404 1605 459 ber-editas„

167 474 286 522 aber
318 475 459 527 nicht
505 477 577 528 im
614 481 896 544 Gegensatz
939 482 1030 531 dez·
1072 483 1303 532 bonorum
1331 481 1569 549 possessio
1581 502 1599 542 ,-

167 553 298 602 deun
343 574 495 608 menn,
527 562 632 618 auf
667 560 802 609 die-se
846 561 930 610 die
972 562 1207 627 usucapio
1243 564 1441 626 gesolgt
1471 551 1615 617 ovar,

164 648 223 679 80
254 643 439 685 maeste
473 638 564 686 der
598 639 830 688 bonorum
858 658 1107 707 possessor
1153 642 1282 691 auch
1324 640 1407 690 die
1448 659 1600 691 sacra

165 718 383 776 tragen:
430 718 649 767 videmus
662 757 678 780 ,
720 730 978 785 utrumque
1011 722 1185 769 Virum
1220 721 1612 769 Celeberrimumz

164 790 219 838 in
253 809 309 840 eo
345 798 637 853 consentire,
679 797 919 846 honorum
960 816 1279 865 possessorem
1319 800 1467 848 sacris
1500 817 1610 848 non1

168 870 387 936 alligari,
429 876 526 937 nisi
559 878 851 943 usucapione
886 878 1157 925 dominium
1188 895 1350 925 rerum
1383 877 1599 926 defuncti

166 965 230 995 ex
264 949 369 1017 jure
405 951 669 1013 Quiritium
713 956 1037 1022 acquisiverit.
1105 956 1134 1004 J
1136 972 1213 1004 am
1258 972 1373 1003 vero
1418 956 1599 1005 utrius-

167 1045 261 1092 que
305 1033 540 1080 sententia
583 1035 755 1081 nititur
801 1035 1075 1102 conjectura
1119 1045 1258 1099 {antea
1298 1035 1597 1101 impugnata,

165 1123 233 1154 ex
278 1125 374 1174 qua
419 1127 531 1160 cum
581 1113 872 1178 patrimonio
924 1124 1138 1176 tantum,
1205 1113 1335 1178 quod
1381 1131 1445 1162 ex
1490 1114 1609 1181 jure·

167 1184 433 1245 Quiritium
467 1199 565 1250 est,
599 1207 737 1238 sacra
772 1192 1147 1258 conjunguntur.-
1179 1192 1331 1256 Atqui
1363 1207 1472 1239 eam
1502 1209 1598 1238 non

162 1274 295 1312 recte
312 1283 428 1319 ¹sese
470 1265 654 1320 habere
698 1287 844 1336 supra
884 1270 1092 1337 probare
1135 1271 1417 1318 studuimus.
1483 1271 1595 1317 Ideo

161 1341 411 1396 bonorum·
434 1347 758 1411 possessorem
798 1364 827 1396 a
867 1350 1025 1414 prima
1071 1348 1219 1397 classe
1264 1365 1455 1409 eorum,
1512 1348 1598 1413 qui

161 1422 320 1470 sacris.
370 1423 759 1490 adstringuntur,
826 1427 1119 1476 excludendi
1172 1426 1269 1476 hac
1324 1426 1598 1492 conjectura

159 1501 307 1549 missa
359 1504 596 1554 rationem
647 1505 789 1552 video
837 1505 1033 1554 nullam.
1135 1504 1261 1553 Nam
1305 1505 1348 1552 si
1393 1505 1597 1552 dominii

161 1578 434 1640 Quiritium⁴
457 1583 511 1631 in
543 1584 692 1633 sacris
728 1584 878 1632 alicui
909 1584 1212 1651 imponendis
1252 1583 1390 1641 nulla
1421 1583 1608 1631 haberi

161 1658 307 1715 debet
339 1662 492 1723 ratio,
553 1663 673 1728 quid
707 1673 803 1724 est,
853 1681 940 1712 our
983 1663 1222 1711 bonorum
1255 1679 1592 1729 possessorem,

159 1739 249 1803 qui
282 1740 428 1791 etiam
461 1758 707 1790 successor
738 1743 792 1790 in
837 1743 1116 1790 universum
1162 1741 1237 1808 jus
1285 1740 1501 1788 defuncti
1548 1750 1596 1788 et

157 1816 275 1869 loco>
299 1817 492 1869 heredis
527 1831 623 1881 est,
678 1838 777 1869 non
809 1822 903 1881 ita,
960 1820 1105 1883 sicuti
1136 1818 1388 1879 heredem,
1444 1818 1594 1865 sacris

160 1895 362 1962 alligari·
400 1896 724 1949 arbitremur?
794 1898 926 1961 Quid
981 1909 1075 1960 est,
1145 1915 1232 1946 cur
1276 1896 1596 1946 necessariam

158 1992 260 2022 esse
294 1985 526 2046 putemus.
549 1978 893 2044 usucapionem
935 1994 1022 2045 pro
1051 1976 1233 2025 —herede
1267 1976 1330 2023 ad
1362 1992 1480 2023 onus
1515 1990 1595 2022 sa-

159 2072 355 2104 crorum
386 2056 432 2105 ei
465 2057 836 2123 imponendum,
871 2058 958 2122 qui
990 2055 1161 2104 heredi
1204 2055 1339 2104 civili
1385 2071 1414 2102 a
1448 2055 1596 2103 Prae-

157 2143 261 2181 tore
295 2135 349 2181 in
383 2135 611 2184 omnibus
653 2135 756 2184 fere
790 2132 1167 2203 aequiparatur?
1233 2135 1362 2199 Ergo
1396 2149 1596 2199 persua-

156 2230 266 2261 sum
299 2212 451 2263 nobis.
477 2231 577 2263 esse
622 2214 848 2269 deberet,
896 2231 1049 2278 quem
1073 2214 1270 2261 Praetor
1313 2212 1608 2259 necessitate-

158 2290 325 2341 debita
357 2289 678 2354 hereditaria,
726 2292 972 2341 interdum
1005 2292 1151 2340 etiam
1182 2291 1342 2356 legata
1375 2288 1595 2337 solvendi

156 2380 400 2419 onerasset
431 2370 672 2420 bonorum
711 2387 1057 2437 possessorem,
1101 2386 1213 2417 eum
1251 2368 1398 2417 sacris
1445 2366 1608 2414 fuisse.
1646 2408 1654 2420 ,

153 2446 433 2512 liberatum,
465 2449 618 2499 donec
650 2449 882 2517 usucapio
913 2444 1224 2498 accessisset?
1271 2446 1416 2495 Certe
1443 2462 1594 2511 quum
1604 2482 1612 2494 ,«

154 2526 397 2580 bonorum
428 2546 721 2596 possessores
754 2527 1064 2578 iisdemsere
1098 2525 1379 2587 commodis,
1414 2524 1609 2590 quibus-

152 2603 383 2669 heredes,
446 2618 667 2669 utantur,
732 2624 832 2654 nnn
863 2607 1089 2670 iniquum.
1120 2606 1236 2666 erit,
1305 2621 1386 2651 eos
1417 2602 1606 2649 iisdem·

155 2686 385 2739 oneribus
421 2685 676 2755 adstringi,
710 2704 845 2754 ergo:
862 2686 1009 2737 etiam
1040 2686 1194 2735 sacris
1224 2683 1430 2736 onerari.
1499 2681 1596 2730 Ac·-
