1675 2835
0 2684 17 2835 k

1507 92 1573 144 25

156 225 485 279 hereditatem·
502 225 760 281 restituere⁴
793 234 895 279 erat
922 232 1155 293 rogatus,
1226 245 1333 279 eam
1375 233 1429 281 in
1468 233 1575 301 iure

155 305 325 366 cess-it,
376 303 437 351 de
469 303 616 351 sacris
658 303 789 352 idem
822 304 1078 354 dicendum
1120 315 1213 370 est,
1273 310 1403 375 quod
1437 325 1576 363 antea

157 384 398 439 diximus,
446 399 596 448 quum
626 382 685 431 de
718 381 994 432 hereditatis
1035 385 1089 432 in
1119 384 1224 452 jure
1259 391 1469 440 cessione
1502 395 1579 442 lo-

156 478 429 529 queremur.
480 460 647 526 Neque
679 461 899 510 inutilem
930 461 1079 511 fuisse
1109 467 1458 521 restitutionem
1489 472 1578 522 he-

157 541 373 591 reditatis
406 540 459 587 in
488 538 594 605 jure
628 540 836 588 cessione
868 538 1047 589 factam
1088 542 1205 593 adeo
1250 558 1357 597 ante
1401 551 1578 600 aditio-
1632 581 1636 586 ³
1671 555 1675 596 2

159 638 272 668 nem
306 636 334 666 a
363 626 498 684 parte
532 628 656 666 certe
688 616 878 665 heredis
913 617 976 665 ab
1009 619 1252 686 intestato,
1288 644 1352 675 ex
1385 647 1441 678 eo
1477 632 1578 680 col-

157 698 252 762 ligi
283 682 486 762 potest,
518 696 647 760 quod
680 696 742 743 ad
772 696 1194 749 fideicommissum
1238 703 1386 753 alicui
1415 709 1579 776 injun-

160 774 370 840 gendum
409 774 730 822 necessarium
771 791 869 821 non
921 785 1025 824 erat
1067 786 1427 848 testamentum,
1494 790 1579 838 sed

160 868 326 919 preces
361 867 390 898 a
422 861 641 899 testatore
675 869 959 919 quocunque
1001 856 1146 905 modo
1192 877 1444 928 expressae
1477 868 1580 916 suf-

160 929 387 979 ficiebant
419 946 475 978 ea
506 930 760 997 inprimis
793 943 943 981 aetate
953 951 970 990 5
1014 951 1111 1000 qua
1150 936 1291 989 heres
1335 943 1398 992 ad
1439 948 1580 998 resti-

162 1008 389 1058 tuendam
418 1006 731 1059 hereditatem
774 1012 967 1061 omm‘no
1009 1031 1107 1064 non
1139 1019 1413 1085 cogebatur.

782 1144 820 1210 ᾗ.
889 1147 967 1195 10.

296 1243 513 1292 Secunda
547 1243 693 1292 classe
726 1245 768 1292 is
783 1281 798 1306 ,
833 1247 919 1311 qui
950 1260 1102 1299 morte
1134 1263 1475 1310 testamentove
1510 1264 1582 1313 al·-

161 1321 309 1369 terius
342 1322 620 1371 tantundem
652 1323 836 1389 accepit
849 1362 864 1386 ,
920 1339 1152 1391 quantum
1185 1338 1582 1391 omnibushere—

164 1400 307 1448 dibus
338 1401 562 1448 relictum
595 1410 694 1461 est,
750 1402 908 1451 sacris,
945 1405 1182 1472 alligatur.
1247 1414 1304 1465 Id
1350 1420 1480 1483 quod
1523 1422 1583 1471 de

162 1496 434 1527 successore
469 1478 702 1544 singulari
742 1481 1108 1547 intelligendum
1150 1502 1244 1554 est,
1311 1506 1360 1545 et
1402 1515 1430 1546 a
1461 1499 1583 1551 ICtis

162 1558 334 1604 merito
371 1557 433 1604 ad
464 1557 751 1622 legatarium
794 1562 1078 1625 partiarium
1103 1569 1351 1636 ¹refertur;
1421 1594 1450 1625 a
1487 1582 1583 1630 Cel.

164 1635 402 1683 SAviewo
436 1636 580 1684 etiam
613 1636 675 1683 ad
708 1653 843 1694 eum,
877 1641 962 1705 qui
993 1660 1090 1692 non
1121 1645 1303 1715 legato,
1337 1654 1422 1703 sed
1455 1675 1585 1708 mor-

162 1708 229 1761 tis³
276 1730 419 1763 causa
464 1714 717 1763 donatione
763 1721 1044 1771 tantundem
1088 1730 1300 1794 accepit,
1349 1748 1583 1799 quantum

164 1809 325 1839 omnes
358 1791 572 1841 heredes.
639 1793 818 1859 Legari
851 1809 1011 1848 autem
1042 1812 1090 1850 et
1120 1809 1287 1857 mortis
1322 1828 1464 1863 causa
1498 1818 1585 1867 do-

163 1872 274 1918 nari
306 1888 403 1919 non
436 1872 640 1938 amplius
672 1890 827 1938 posse,
862 1894 1008 1942 quam
1028 1891 1081 1930 ut
1101 1883 1313 1950 legatum
1345 1893 1424 1941 vel
1455 1914 1586 1946 mor--

162 1949 225 1998 tis
263 1966 406 1998 causa
438 1950 633 1999 donatio
675 1968 843 2002 omnes
886 1968 1046 2023 partes
1089 1960 1349 2018 heredibus
1392 1974 1585 2027 relictas

165 2039 355 2093 aequet,
391 2046 454 2076 ex
475 2030 605 2095 Lege
626 2031 842 2081 Voconia
873 2041 1183 2103 repetendum
1217 2057 1301 2109 est,
1336 2066 1457 2115 quae
1490 2053 1587 2107 hoc

163 2108 306 2155 modo
339 2117 621 2157 testamenta
664 2111 820 2161 voluit
862 2131 1167 2182 conservare,
1217 2125 1280 2172 ab
1322 2126 1585 2185 heredibus

162 2195 357 2251 propter
389 2186 564 2248 nimia,
610 2188 788 2252 quibus
822 2193 1164 2262 onerabantur,
1198 2201 1356 2269 legata
1389 2211 1586 2264 destitui

164 2264 318 2313 solita.
361 2265 643 2330 Legatarius
678 2268 912 2336 ejusmodi
945 2291 1093 2339 quum
1125 2277 1231 2344 jura
1266 2294 1406 2350 atque
1442 2288 1600 2343 onera>

161 2339 453 2392 hereditaria
507 2362 595 2412 pro
641 2359 777 2414 parte
823 2350 920 2399 sibi
960 2354 1128 2404 relicta
1172 2376 1282 2410 cum
1323 2362 1586 2423 heredibus

162 2419 425 2486 divideret,
473 2425 620 2473 etiam
667 2429 815 2477 sacris
858 2441 1048 2481 auctore
1084 2435 1345 2492 SCAEVOLA
1380 2447 1590 2501 adstrin-.

162 2499 379 2564 gebatur.
450 2502 541 2550 Cui
574 2521 691 2554 onus
724 2526 967 2558 sacrorum
1013 2530 1123 2562 cum
1154 2514 1415 2575 heredibus
1451 2546 1588 2579 com-

161 2594 305 2626 mune
336 2594 450 2628 ‘esse
480 2583 575 2632 ἸΖΖ.
621 2584 892 2638 ΞΛνωΝῑυε
937 2590 970 2639 l.
1014 2592 1066 2641 l.‘
1086 2612 1202 2660 pag.
1238 2600 1352 2652 366.
1399 2609 1586 2672 scribit,

166 2657 283 2719 quia
314 2655 519 2709 heredes·
549 2663 698 2712 sacris
731 2665 1004 2732 alligentur,
1036 2673 1169 2723 nulla
1200 2679 1386 2731 ratione
1417 2682 1586 2739 habita
