1675 2835
1505 90 1569 138 '11

157 232 418 292 flebamur,
438 234 613 298 ¹spiam.
641 227 873 279 heredum
903 222 1244 295 portionibus?
1297 222 1447 286 Quod
1471 242 1576 276 non

150 308 461 365 crediderim.
525 307 598 356 Ita
635 316 765 357 ,certe
797 322 952 374 neque
987 304 1290 372 „antiquiores
1306 303 1575 352 Pontifioes
1610 337 1613 339 —

150 388 501 451 distinxerunt,
534 402 687 451 neqeue
715 387 988 441 §.cavom
1003 383 1266 431 disthmit:
1309 382 1410 430 imo
1442 382 1578 429 nulla

157 464 368 531 dominii
396 462 686 527 discriminis
726 459 1122 526 ratione2habita
1167 460 1390 529 ei.·:sacra
1420 460 1578 527 impo-

161 553 385 608 suerunt,
433 542 521 609 qui
550 552 699 592 morte
731 549 1072 590 testamentove
1095 535 1294 596 mmm
1317 539 1576 607 acceperit,

163 633 398 691 quantum
436 639 595 675 omues
627 619 840 671 heredes,

791 753 835 822 §-
903 734 967 822 5'„

293 855 434 905 ‘Tum
466 855 563 921 qui
593 854 744 903 tertia
783 853 936 902 ‚classe
973 852 1042 902 ,ad
1084 869 1223 901 sacra
1261 851 1581 901 continuanda

165 933 442 999 obligantur
456 970 470 995 ,
526 933 611 999 qui
641 932 904 999 plurimum
929 949 1001 982 aeex
1040 930 1181 986 bonis
1215 930 1431 980 defuncti
1470 949 1580 979 usu.

163 1021 394 1078 ceperunt
425 1010 734 1078 possidendo,
766 1027 864 1058 non
894 1010 1003 1058 ideo
1030 1010 1177 1059 sacris
1211 1009 1584 1075 adstringuntur,

167 1093 282 1155 quia
303 1090 570 1147 dominium
591 1105 756 1137 earum
777 1107 953 1145 rerum,
990 1106 1112 1155 quae
1133 1087 1351 1137 defuncti
1373 1087 1583 1149 fuerunt,

167 1185 233 1216 ex
263 1168 367 1235 jure
403 1166 664 1229 Quiritium
697 1168 974 1232 acquirunt,
1018 1166 1105 1215 sed
1137 1183 1244 1214 eam
1277 1166 1340 1214 oh
1375 1182 1583 1227 causam,

169 1247 285 1311 quia
317 1256 440 1307 ante,
470 1262 619 1310 quam
644 1262 808 1293 ,annua
838 1246 1129 1311 possessione
1150 1245 1477 1312 usucepissent
1508 1262 1584 1294 res

165 1323 400 1385 defuncti,
433 1322 572 1372 heres
607 1322 765 1371 adhuc
795 1340 872 1372 res
902 1324 1122 1372 defuncti
1154 1323 1287 1371 adita
1320 1322 1586 1371 hereditate

164 1401 233 1456 ⁸ab
266 1402 328 1451 iis
359 1412 547 1469 poterat
581 1401 847 1451 vvindicare.
913 1401 1039 1471 Nam
1080 1402 1202 1468 quia
1243 1402 1439 1468 antiquo
1481 1401 1587 1469 jure

170 1479 371 1530 heredes
407 1480 469 1529 ad
502 1480 769 1529 adeundam
797 1479 1114 1529 hereditatem
1145 1498 1243 1528 non
1276 1480 1589 1545 cogebantur,

168 1559 267 1606 nisi
299 1558 507 1624 spatium
539 1555 762 1607 cretionis
792 1568 989 1606 testator
1028 1559 1089 1606 iis
1132 1559 1479 1613 constituisset,
1524 1559 1590 1606 li-

165 1636 313 1687 cebat
343 1637 420 1696 iis,
454 1635 571 1685 adeo
604 1636 890 1692 instantibus
925 1636 1258 1700 creditoribus,
1279 1637 1351 1687 ‚de
1370 1637 1591 1687 adeunda

172 1716 252 1762 vel
286 1715 545 1762 omittenda
576 1713 839 1773 hereditate
874 1715 1168 1777 deliberare,
1215 1716 1451 1781 quamdiu
1472 1717 1594 1783 ipsi

174 1792 365 1843 vellent.
431 1792 503 1841 Ne
537 1803 697 1842 tamen
728 1794 853 1861 justo
887 1793 1065 1845 diutius
1098 1794 1446 1857 deliberarent,
1477 1813 1594 1844 usu-

171 1871 375 1937 capione
419 1887 508 1937 pro
553 1869 731 1920 herede
778 1882 880 1920 erat
921 1874 1181 1939 provisum.
1282 1873 1409 1935 Quia
1464 1875 1594 1922 enim

170 1949 376 1997 cuilibet
406 1950 784 2016 permittebatur,
816 1969 921 2000 rem
942 1949 1284 2001 hereditariam
1307 1962 1449 2018 atque
1474 1952 1592 2001 adeo

169 2038 325 2076 ,totam
355 2026 668 2077 hereditatem
711 2047 946 2098 occupare
978 2048 1182 2097 eamque
1216 2048 1375 2079 annua
1408 2049 1594 2099 posses-

170 2108 306 2155 sione
339 2107 408 2155 ita
442 2109 703 2173 acquirere,
736 2120 791 2158 ut
821 2109 963 2176 pleno
995 2110 1099 2177 ejus
1129 2110 1233 2176 jure
1255 2110 1404 2172 fieret,
1436 2109 1592 2173 heres,

176 2186 220 2233 si
250 2183 563 2236 hereditatem
596 2189 843 2253 acquirere
875 2189 1046 2251 vellet,
1080 2198 1267 2237 mature
1304 2198 1410 2236 ante
1446 2206 1596 2254 quam.

177 2279 327 2313 annus
360 2275 482 2314 esset
513 2265 875 2334 praeterlapsus,
909 2266 1041 2316 adire
1073 2265 1307 2329 debebat,
1339 2283 1400 2315 ne
1434 2267 1596 2322 domi-1

174 2342 259 2393 nio
292 2359 454 2393 rerum
485 2342 883 2396 hereditariamm
913 2347 1197 2413 privaretur.
1255 2345 1441 2408 Quodsi
1474 2349 1596 2396 omi—

176 2430 304 2468 serat
335 2420 665 2485 hereditatem,
698 2435 805 2474 tum
837 2426 983 2477 sacris
1017 2424 1333 2487 onerabatur,
1369 2426 1456 2491 qui
1487 2426 1600 2493 plu«,

177 2499 356 2548 rimum
388 2517 475 2566 pro
498 2500 683 2552 herede
716 2513 1019 2571 usuceperat,
1064 2520 1153 2552 nec
1185 2521 1299 2552 vero
1311 2541 1326 2566 ,
1362 2504 1478 2570 quia
1510 2505 1600 2553 do·-

180 2578 338 2628 minus
370 2592 532 2629 rerum
565 2599 629 2630 ex
659 2581 763 2650 jure
786 2582 1047 2645 Quiritium
1073 2593 1188 2645 erat,
1203 2598 1205 2600 ·
1220 2582 1305 2632 sed
1327 2583 1443 2649 quia
1461 2594 1600 2637 antea

178 2659 573 2723 eratincertuin,
620 2670 781 2712 utrum
821 2659 969 2729 heres
992 2661 1221 2713 *aditurus
1254 2672 1388 2722 ,esset
1432 2679 1597 2712 necne.

1627 408 1675 513 {iffi-if>
1631 362 1633 366 ’
