1675 2835
127 78 199 135 16?

126 219 475 285 argentarias
497 220 656 274 Urbis
676 219 962 274 tabernas:-
984 220 1074 275 n'ec
1113 228 1299 274 sector
1317 220 1545 275 inventia

125 307 214 349 est.
250 299 333 349 Sic
367 300 549 349 Clcnno
571 297 636 350 in
672 303 832 355 Or'at.
829 321 936 370 pro
968 305 1117 357 Rosc.
1133 307 1320 355 Amer
1336 322 1441 370 cap.
1460 300 1543 353 29.

121 378 198 427 de:
217 379 492 429 venditione
526 381 817 444 bonorum,
843 398 974 447 quae
1011 382 1073 431 ad
1113 384 1401 450 proscriptos
1433 379 1546 450 per-

121 457 365 506 tinuerant
399 468 445 506 et
476 459 529 506 in
561 459 814 525 publicum
845 460 1050 509 redacta
1069 460 1273 523 fuerant,
1306 456 1543 527 loquitur3

121 549 178 584 ea
211 533 401 584 hastae>
415 568 417 571 .
431 536 648 604 subjecta
691 554 792 586 esse
836 537 956 587 dicit
994 548 1046 587 et
1088 549 1289 588 emtores
1330 546 1543 588 sectores

120 613 343 681 appellat.
411 614 546 664 Idem
576 616 630 664 in
660 614 791 665 Phil.
823 619 921 666 ΙΙ.
919 631 1040 683 cap.
1041 618 1134 667 26
1169 625 1219 666 et
1249 618 1333 668 29.
1372 617 1543 668 Auro-

119 709 252 741 mum
280 691 527 742 bonorum
558 695 786 745 Pomrnn
818 696 940 744 voci
975 695 1309 745 acerbissimae
1342 710 1541 764 praeco-

115 771 210 819 nis
206 770 575 839 subjectorum,
610 791 723 840 ergo
756 774 847 823 sub
879 773 1020 823 hasta
1050 775 1352 823 venditorum
1382 780 1546 823 secto-

115 865 224 899 rem
278 859 432 900 vocat.
512 852 575 900 Et
626 853 868 902 Ascomus
916 854 1189 903 Pitumnus
1217 853 1315 901 ad
1337 852 1441 919 Cic.·
1485 852 1539 901 in

118 933 165 980 V
166 947 257 977 ers.
290 932 335 979 Ι.
371 947 478 995 cap.
512 933 593 979 23.
634 930 772 980 haecr
798 923 1062 981 adnotavit:
1116 927 1339 980 Sectores
1363 939 1538 980 'autem

116 1006 420 1064 dicti'sunt,
472 1006 558 1073 qui
601 1026 736 1074 spem
767 1009 849 1059 sui
868 1047 870 1051 Α
890 1009 1021 1059 lucri
1060 1010 1220 1059 secuti
1266 1011 1388 1059 bona
1422 1022 1537 1058 con—

115 1088 460 1135 demnatorum
491 1089 644 1135 semel
672 1088 1113 1145 auctionabantur,
1148 1088 1326 1152 quique
1357 1083 1423 1135 iis
1450 1107 1538 1153 pe-

114 1165 289 1214 cunias
316 1165 635 1231 pensitabant
664 1166 877 1230 singulis
910 1186 971 1215 ac
1000 1174 1170 1233 postea
1199 1184 1290 1232 pro
1316 1184 1536 1231 compen—

114 1243 196 1293 dio
213 1256 328 1292 ‘suo'
350 1244 577 1309 singulas
610 1263 828 1310 quasque
850 1253 940 1294 'res
968 1245 1180 1312 pecunia
1209 1247 1383 1311 populo
1416 1262 1536 1292 ven-

112 1324 357 1374 ditabcznt.
402 1324 544 1386 Quod
575 1324 815 1373 A'scomns
849 1325 908 1373 de
940 1325 1081 1373 bonis
1117 1325 1535 1374 condemnatorum

111 1402 309 1464 scribit,-
342 1420 439 1450 non
471 1402 531 1450 de
564 1402 626 1450 iis
658 1403 1023 1469 intelligendum
1056 1413 1150 1465 est,
1186 1403 1273 1469 qui
1303 1402 1357 1450 in
1392 1418 1535 1450 causa

108 1482 390 1549 pecuniaria
420 1481 723 1530 condemnati
764 1493 895 1544 sunt,
948 1482 1034 1531 sed
1074 1482 1133 1530 de
1179 1483 1295 1531 reis'
1319 1481 1532 1529 oriminis

107 1561 290 1627 judicio
323 1560 521 1627 publico
556 1560 817 1622 damnatiS,
875 1578 1081 1626 quorum
1121 1560 1250 1608 hona
1283 1561 1336 1607 in
1368 1559 1533 1625 publi-

110 1656 221 1687 cum
252 1638 612 1703 redigebantur.
647 1638 784 1687 Unde
817 1639 1118 1704 intelligitur,
1153 1638 1411 1686 sectionem
1441 1637 1534 1686 bo-

105 1733 281 1767 norum
337 1730 437 1764 esse
485 1717 851 1783 acquisitionem
904 1734 1067 1765 rerum
1116 1716 1415 1782 singularum
1466 1733 1532 1763 ex

102 1796 210 1864 jure
247 1795 382 1844 civili
416 1811 616 1861 eamque
652 1813 763 1845 cum
794 1796 1070 1845 venditione
1110 1794 1372 1856 bonorum,
1408 1811 1530 1860 quae

102 1874 298 1924 nomine
334 1873 626 1922 creditorum
668 1892 755 1941 per
787 1876 1070 1940 magistrum
1100 1872 1340 1922 bonorum
1369 1872 1530 1933 fiebat,

101 1968 409 2019 nequaquam
443 1969 543 2000 esse
578 1953 993 2003 confundendam.‘
1042 1952 1114 2001 Ac
1155 1952 1200 2001 si
1233 1968 1329 2017 qua
1362 1951 1531 2004 etiam-

101 2049 230 2081 nunc
284 2030 523 2080 dubitatio
578 2042 820 2100 superest,
889 2044 962 2080 ea·
994 2048 1022 2079 a
1065 2032 1193 2080 GAJo
1240 2040 1545 2091 removetur,

100 2112 189 2178 qui
220 2105 346 2160 Inst.
386 2113 562 2160 Comm.
595 2114 690 2162 IV.
739 2111 777 2176 ξ
815 2110 911 2160 145
946 2119 995 2158 et
1029 2109 1140 2159 146.
1187 2109 1379 2158 scribit.
1426 2111 1529 2157 Bo-

99 2208 277 2239 norum
323 2207 512 2253 quoque
545 2187 724 2238 emtori
763 2188 1000 2237 similiter
1036 2186 1350 2271 propongtur
1371 2186 1528 2235 inter-

103 2269 313 2338 dictum,
351 2271 484 2332 quod
516 2270 723 2333 quidam
754 2267 1104 2334 possessorium
1137 2274 1330 2317 voca-nt.
1396 2270 1528 2332 Item

101 2348 174 2406 ei,
220 2346 307 2413 qui
341 2348 465 2397 bona
493 2348 697 2415 publica
729 2347 929 2410 emerit,
974 2348 1196 2412 ejusdem
1229 2330 1527 2395 conditionis

98 2427 427 2477 interdictum
440 2428 748 2494 proponitur,
785 2428 917 2491 quod
935 2428 1214 2492 appellatur
1244 2424 1524 2486 sectoriam,

100 2507 232 2571 quod
261 2514 477 2556 sectores
508 2515 766 2564 vocantur,
805 2505 890 2570 qui
918 2496 1269 2572 publiceibona
1302 2517 1544 2553 mercem-r

99 2593 211 2635 tun·
270 2586 377 2649 Quo
411 2587 519 2637 loco
555 2587 642 2652 qui
684 2586 860 2635 clarius
895 2585 1152 2633 emtionem
1184 2594 1233 2632 et
1265 2583 1546 2634 sectionem·

95 2664 349 2716 bonorum.
392 2666 660 2729 discernat,
726 2665 815 2714 vix
849 2663 997 2714 ‘ullus
1028 2663 1329 2731 ›reperieturs
1391 2658 1525 2725 Quid
