1675 2835
107 104 143 152 4

108 237 212 286 mul
246 238 457 288 continet
497 237 643 286 huius
687 236 796 294 loci,
828 236 1106 294 difficillimi
1150 237 1532 305 explicationem.

109 317 266 383 Quam
298 328 487 383 praeter
518 317 650 367 locos
682 316 902 366 ICtorum
935 333 965 364 a
1001 319 1095 366 Cel.
1124 317 1365 366 Savmmo
1400 319 1536 367 exci-

105 385 231 458 tates>
263 394 446 444 contuli
479 394 599 445 CAR.
636 394 840 444 Cmusr.
873 395 1034 446 Wooo
1079 394 1201 447 diss*
1237 395 1300 443 de
1341 394 1535 444 heredi-—

108 480 214 523 tate
233 492 492 522 sacrorum
511 472 852 539 privatorum.=
871 462 1065 539 Lipsiae
1096 474 1239 522 1738.
1273 474 1320 522 4.
1340 475 1534 535 editam,

107 552 178 601 ita
212 562 536 620 comparatam
564 552 937 615 essearhfflor,
958 570 963 590 ³
987 562 1054 613 ut*
1073 551 1226 601 facile.
1252 568 1308 603 ea
1339 551 1546 601 in‘lo'co-

107 632 377 688 CIchoms
411 632 797 698 interpretando.
815 632 1259 697 carere‚,possimuS.
1302 632 1398 683 ἈΕ
1429 633 1535 698 ,pri-

105 727 242 758 mum
273 709 476 779 quidem
503 710 611 778 ‘ejus
645 710 989 779 dissertationis
1025 719 1191 759 auctor.
1222 710 1342 777 juris
1362 727 1534 777 parum

105 789 348 838 consultus
392 789 676 841 brevissime
720 799 906 838 tantum
945 788 1108 837 locum
1142 788 1408 839 Cxchoms
1442 808 1535 837 ex-

103 868 289 935 plicuit.
354 868 544 916 Deiude
578 869 716 935 juris.
734 885 831 917 non
863 877 1046 917 tantam
1078 866 1253 916 habuit
1280 868 1530 924 rationem,

103 957 282 1034 quanta
316 946 418 1013 ejus
451 947 505 995 in
537 946 630 995 hac
666 958 792 995 certe
825 948 1052 1007 materia,
1096 964 1243 1011 quae,
1296 948 1392 994 nisi
1425 949 1533 1013 quis

100 1025 221 1091 juris
267 1022 553 1073 hereditarii
594 1026 920 1085 Romanorum
973 1023 1154 1073 habeat
1195 1026 1532 1114 cognitionem,

102 1104 344 1169 explicari
375 1104 499 1151 bene
533 1121 630 1151 non
662 1115 833 1170 potest,
866 1086 1089 1151 habenda
1125 1104 1316 1151 omnino
1349 1104 1531 1153 suisset.
1545 1162 1552 1168 ,-

101 1179 236 1242 Quae
271 1198 300 1229 a
337 1182 714 1234 Cel.SAv10N1o
751 1183 784 1230 l
820 1184 851 1230 l.
900 1182 955 1229 in
997 1181 1385 1249 interpretatione
1429 1182 1531 1250 ejus

100 1260 199 1308 loci
231 1262 471 1327 praestita·
494 1272 629 1324 sunt,
662 1262 783 1311 meis
816 1261 1044 1309 laudibus
1078 1261 1220 1327 longe
1255 1267 1364 1310 sunt
1391 1279 1533 1329 supe-

100 1339 231 1388 riora
265 1349 409 1406 atque
443 1341 512 1390 ita
547 1358 575 1388 a
607 1340 954 1389 recentioribus
975 1340 1096 1388 lctis
1132 1341 1307 1406 agnita,
1342 1351 1409 1403 ut,
1446 1342 1531 1407 qui

102 1435 130 1465 a
163 1417 311 1484 hujus
346 1420 456 1466 Viri
485 1419 799 1467 Celeberrimi
831 1421 1062 1467 sententia
1095 1421 1358 1480 recesserit,
1390 1421 1533 1484 equi»-

101 1495 465 1547 ‹lem-noverim
499 1498 753 1546 neminem.
781 1523 784 1527 ·
823 1498 1094 1545 SAvlons
1127 1508 1287 1545 tamen
1322 1515 1376 1545 eo
1410 1508 1532 1545 tem-

99 1592 217 1642 pore
250 1574 378 1627 hanc
409 1577 662 1624 materiam
684 1577 913 1637 excoluit,
949 1563 1045 1641 quo
1073 1578 1191 1625 GAn
1212 1577 1531 1624 Institutiones

100 1653 317 1702 nondum
355 1665 575 1721 repertae
610 1666 759 1704 erant.
801 1656 889 1703 His
926 1656 1159 1704 contineri
1193 1655 1420 1703 nonnulla
1454 1673 1531 1702 ar—

99 1732 281 1794 bitror,
332 1734 510 1799 quibus
555 1734 616 1783 ad
649 1735 811 1783 locum
846 1734 1107 1782 CIcEnoms
1150 1734 1325 1782 melius
1353 1734 1532 1781 intelli-

100 1811 313 1877 gendum
361 1814 526 1862 afferri
583 1813 770 1877 aliquid
815 1831 952 1879 posse
999 1814 1201 1861 videtur.
1283 1814 1530 1860 Praeterea

100 1891 340 1939 SAvimvn
374 1892 609 1940 sententia
643 1900 690 1939 et
723 1892 766 1939 si
797 1909 894 1939 non
927 1892 1148 1952 vacillat,
1181 1901 1340 1939 tamen
1373 1893 1532 1957 impu-

99 1969 518 2035 gnari-nonnullis
551 1968 820 2019 rationibus
853 1980 1020 2036 potest.
1068 1972 1122 2017 In
1153 1971 1322 2036 primis
1355 1970 1531 2017 sunda-

99 2057 340 2110 mentum,
386 2065 484 2115 quo
516 2048 730 2097 stabilita
764 2058 835 2096 est
866 2049 999 2097 illius
1032 2049 1287 2109 sententia,
1335 2066 1431 2096 non
1459 2049 1532 2096 ita

99 2126 295 2174 firmum
329 2144 430 2175 esse
464 2128 683 2188 videtur,
727 2137 782 2175 ut
817 2145 1003 2189 omnes,
1051 2145 1174 2193 quae
1209 2145 1265 2175 eo
1299 2128 1531 2187 nituntur,

101 2205 433 2254 conclusiones
481 2206 613 2253 omni
670 2205 814 2253 modo
857 2205 1057 2272 probari
1111 2206 1307 2273 possint.
1375 2205 1532 2267 Quam

101 2282 166 2331 ob
206 2301 313 2334 rem
354 2300 443 2351 ego
488 2285 551 2334 ad
596 2303 707 2334 eum
748 2285 911 2334 locum
952 2286 1132 2334 accessi
1174 2285 1531 2351 explicandum,

97 2379 196 2411 non
223 2381 337 2430 ‘quo
370 2364 550 2412 lCtum.
580 2356 949 2412 celeberrimum
992 2364 1243 2426 docerem,
1301 2380 1422 2429 quae
1468 2380 1532 2411 ex

99 2442 210 2509 Gaji
240 2443 627 2492 Institutionihus
662 2444 722 2491 de
757 2444 905 2492 sacris
938 2445 1141 2509 privatis
1176 2443 1299 2491 disci
1320 2451 1530 2508 possent,

98 2520 183 2568 sed
224 2522 461 2584 rationes,
516 2538 641 2588 quae
682 2539 760 2570 me
802 2520 1089 2589 prohibent,
1146 2521 1400 2588 quominus
1446 2519 1532 2567 'illi

98 2600 259 2648 omnia
291 2603 548 2663 assentiar,
592 2603 936 2668 propositurus,
