1675 2835
39 122 104 168 10

36 248 294 322 opinatur,
325 245 641 322 ‘patrimonio'
670 274 736 306 ex
792 258 903 324 jure>
932 257 1194 321 Quiritium
1224 268 1376 308 sacra*
1392 243 1484 308 esa·

0 322 9 332 ’
35 344 142 383 sent
175 333 420 400 alligata,·
445 333 735 401 legatarius,
770 336 868 401 ‘qui
906 344 1094 385 tantum
1134 335 1293 403 legato
1327 345 1467 388 ecce-

0 426 2 428 ·
34 423 200 479 perat,
236 421 469 477 quantum
500 429 664 461 omnes
697 412 931 476 heredes,
964 424 1071 463 tum
1102 414 1296 463 demum
1319 418 1479 465 ‘sacris

0 511 6 518 =
35 488 449 556 adstringebatur,
510 507 679 558 quum*
702 489 915 558 legatum
957 508 1047 560 per
1091 493 1485 546 vindicationem*

33 580 162 627 esset
188 568 440 618 relictum.
468 583 477 606 -’
502 571 653 619 »13111
693 586 810 621 -vero
856 572 900 621 si
944 571 1103 639 legato
1147 572 1482 625 damnationis

34 660 119 697 aut
151 648 342 697 sinendi
372 648 518 698 modo
550 659 738 699 tantum
784 657 887 699 erat
922 651 1176 714 relictum,
1206 671 1209 676 ’
1235 659 1483 719 quantum'

34 744 183 794 penes
217 744 384 777 omnes
416 726 620 776 heredes
651 740 971 791 remanserat,
1023 730 1281 795 legatarius
1316 733 1462 781 sacris

31 805 361 868 liberabatur,
406 807 524 872 quia
556 805 851 868 dominium,
897 807 1027 874 quod
1060 808 1275 858 defuncti
1306 810 1465 859 :fuerat

33 899 100 931 ex
131 884 237 951 jure
272 884 562 945 Quiritium,
612 894 709 931 non
741 884 855 950 'ipse
899 885 1203 951 acquirebat,
1260 887 1346 936 sed
1379 888 1464 936 ad-

32 978 199 1010 versus
234 960 487 1024 heredem,
522 962 610 1028 qui
642 972 743 1011 erat
776 962 1022 1025 dominus,
1057 981 1198 1030 agere
1232 964 1479 1022 debebat(

32 1050 89 1089 ut
115 1040 216 1089 sibi
245 1053 321 1089 res
355 1040 537 1107 legatas
569 1041 865 1108 manciparet
908 1051 990 1090 aut
1034 1042 1087 1091 in
1118 1043 1223 1110 jure
1258 1043 1482 1094 cederet

32 1120 137 1168 Nec
153 1136 283 1167 ·vero
303 1120 371 1167 -id
401 1121 455 1167 in
486 1120 643 1185 legato
677 1121 946 1186 partitionis
981 1120 1170 1168 admitti
1214 1131 1261 1169 et
1294 1123 1463 1169 existi-

31 1197 159 1246 mari
189 1206 358 1264 potest.
417 1197 524 1246 Hoc
558 1198 688 1246 enim
706 1197 934 1264 legatum
966 1216 1058 1266 per
1086 1216 1134 1246 se
1168 1216 1244 1247 res
1280 1198 1462 1248 diversi

32 1278 226 1342 generis
263 1276 541 1324 continebat
549 1308 573 1332 ,-
614 1271 720 1324 tum
753 1293 860 1338 eas,
907 1294 1029 1342 quae
1064 1287 1128 1324 ex
1160 1277 1264 1344 jure
1299 1277 1478 1339 Quiri-i

31 1356 186 1416 tium,
240 1365 346 1403 tum
392 1365 498 1410 eas,
555 1371 678 1419 quae
721 1355 774 1403 in
815 1354 955 1403 bonis
999 1355 1214 1404 defuncti
1253 1356 1479 1419 fuerunt,

30 1451 189 1499 neque
223 1450 331 1482 eam
361 1434 465 1481 vim
496 1431 676 1481 habere
708 1443 924 1500 poterat,
979 1444 1034 1481 ut
1078 1451 1242 1483 earum
1283 1452 1460 1496 rerum,

31 1528 158 1578 quae
189 1512 245 1559 in
275 1511 416 1560 bonis
450 1511 675 1559 defuncti
698 1510 925 1573 fuissent,
959 1511 1226 1560 dominium
1259 1529 1323 1560 ex
1355 1513 1459 1579 jure

31 1590 299 1652 Quiritium
317 1589 493 1638 *statim
525 1589 587 1637 ad
619 1589 904 1655 legatarium
922 1590 1208 1656 pertineret,
1243 1590 1358 1656 quia
1389 1599 1462 1638 tea

33 1669 203 1718 statori
235 1669 343 1736 plus
358 1706 374 1731 ,
421 1678 568 1734 quam
600 1668 703 1734 ipse
736 1666 910 1716 habuit
923 1705 938 1730 ,
982 1668 1139 1734 legato
1172 1669 1226 1716 in
1259 1669 1461 1717 alterum

31 1748 292 1796 transferre
342 1764 441 1796 non
495 1746 687 1795 licebat.
751 1746 886 1808 ‘Quid
930 1750 1076 1812 ergoZ
1135 1747 1178 1794 si
1220 1747 1459 1813 portiones

30 1826 269 1876 heredum
299 1836 347 1874 et
379 1826 602 1890 legatarii
636 1834 770 1873 erant
803 1825 1049 1889 aequales,
1101 1824 1187 1872 sed
1228 1823 1460 1871 heredum

32 1906 288 1972 portiones>
310 1903 472 1970 plures
505 1921 597 1965 res,
633 1919 755 1969 quae
788 1903 1025 1950 testatoris
1060 1919 1125 1951 ex
1155 1902 1260 1970 jure
1295 1901 1459 1963 Quiri-

30 1986 161 2033 tium
187 1984 403 2045 fuerant,
438 1999 585 2048 quam
617 1999 728 2050 pars
761 1982 991 2048 legatario
1024 1982 1208 2037 relicta,
1246 1982 1458 2030 contine—

30 2063 179 2126 bant,
241 2080 361 2112 num
394 2073 506 2110 cum
541 2062 608 2110 ΟΖ.
644 2061 909 2110 ὃΑνιῦΜσ
934 2060 1223 2108 discriminis
1258 2059 1460 2108 dominii

29 2144 85 2192 in
117 2142 265 2191 sacris
299 2141 601 2209 imponendis
632 2138 837 2189 habebis
860 2141 1096 2188 rationem
1120 2149 1168 2187 et
1199 2137 1458 2187 heredibus

28 2222 147 2272 solis
180 2238 317 2270 sacra
350 2220 644 2288 injungenda
677 2219 920 2281 censebis,
955 2219 1069 2284 quia
1101 2227 1258 2284 partes
1294 2234 1466 2265 eorum*

29 2301 197 2369 plures
230 2313 312 2349 res
341 2300 394 2347 in
439 2298 654 2347 dominio
689 2298 926 2346 testatoris
961 2314 1026 2346 ex
1057 2297 1161 2364 jure
1197 2295 1459 2358 Quiritium

29 2365 173 2431 antea
207 2379 482 2428 constitutas
517 2375 848 2437 continebant,
884 2392 1029 2442 quam
1060 2391 1171 2442 pars
1184 2412 1198 2435 ‚
1233 2391 1355 2439 quae
1388 2374 1460 2422 le-

31 2459 220 2526 gatario
257 2458 422 2518 cessit,
472 2466 520 2504 et
551 2456 838 2523 legatarium
869 2456 1016 2504 sacris
1050 2452 1310 2514 liberabis,
1343 2452 1458 2500 licet

30 2544 143 2607 pars
177 2537 279 2604 ejus
315 2535 527 2602 aequalis
567 2544 693 2584 esset
736 2534 958 2583 omnibus
1005 2531 1237 2581 heredum
1278 2531 1461 2599 portio-

30 2617 203 2673 nibus,
251 2632 358 2663 eam
391 2614 547 2663 solum
580 2608 657 2666 obs·
680 2631 896 2676 causam,
941 2612 1063 2679 quia?
1086 2611 1334 2679 pauciores
1366 2613 1478 2671 res,

32 2713 158 2763 quae
180 2695 333 2764 »pleno
352 2693 482 2761 liure
508 2688 731 2743 destructi
758 2692 992 2757 f-fuerant',
1044 2707 1101 2740 ea
1135 2686 1459 2761 comprehen*
