1675 2835
1489 77 1556 126 29

140 222 294 272 teneri
325 231 374 269 et
404 218 644 280 debitores
680 219 951 280 convenire,
978 216 1125 269 sicuti
1153 213 1402 266 heredem:
1446 213 1557 268 Iam

135 318 249 350 vero
281 315 437 349 sacraf
450 300 529 348 Ill.
565 299 810 347 sinemo
835 298 953 365 >ipso
998 301 1124 346 teste
1150 297 1402 344 commune
1436 313 1558 345 onus·

137 379 351 428 omnium
381 377 613 425 heredum
645 387 768 439 sunt,
803 368 860 424 et*
884 375 1016 440 quid:
1033 384 1120 435 est,
1137 378 1139 380 ’
1156 391 1242 423 cur
1272 392 1370 422 non
1388 375 1557 424 eadem

133 474 235 524 pro*
257 473 398 504 onere
424 455 670 503 ,bonorum
701 469 1030 521 possessorum
1048 452 1276 501 omnium
1310 454 1555 502 communi

133 531 433 583 habeamus?
503 533 637 581 Certe
682 534 789 581 Celr
812 532 1082 579 Summus
1128 531 1287 579 minus
1319 542 1449 580 recte
1481 532 1556 579 fe-

134 614 253 663 cisse
287 613 501 672 videtur,
554 614 640 676 qui
672 627 823 676 quum
854 608 1096 657 bonorum
1126 611 1411 674 possessori,
1468 611 1556 675 qui

132 692 397 740 maximam
428 698 613 756 partem
654 688 892 738 bonorum
936 688 1234 753 usuceperit,
1286 704 1422 757 sacra
1462 689 1555 736 soli

131 768 421 836 injunxerit,
454 785 563 817 non.
581 767 713 815 idem-
743 765 973 815 statuerit.
992 764 1289 827 de-herede,
1339 767 1419 814 cui
1450 783 1555 815 ma·-

131 850 267 896 xima
306 846 583 895 hereditatis
628 846 785 913 portio
833 844 1075 909 obtigerit.
1145 841 1286 906 Quod
1330 862 1443 894 cum
1484 846 1556 895 ita

98 968 108 974 ,r
131 926 207 987 sit,
240 915 478 984 bonorum
506 928 794 991 possessores
815 924 975 989 prima
994 923 1156 971 statim
1182 923 1331 971 classe
1354 924 1553 989 perinde

131 1013 272 1067 atque
315 1002 533 1064 heredes»
556 1002 721 1051 sacris
754 1001 1055 1066 obligantur,
1122 1018 1278 1066 neque
1324 1002 1553 1051 interesse

131 1080 321 1146 aliquid
348 1081 561 1142 videtur,
606 1089 770 1127 utrum
799 1078 1030 1145 majorem
1043 1113 1059 1139 ,
1100 1095 1163 1125 an
1195 1079 1431 1128 minorem
1461 1081 1554 1128 bo-

129 1175 302 1207 norum
332 1169 517 1224 partem
550 1159 752 1222 quisque
786 1174 953 1206 eorum
986 1157 1235 1222 acceperit.
1302 1158 1410 1207 Hoc
1441 1176 1554 1208 suar

132 1235 213 1283 det
245 1246 293 1283 et
322 1236 576 1302 probabile
608 1235 769 1282 reddit
799 1233 1031 1284 heredum
1063 1235 1365 1301 exemplum,
1410 1253 1552 1303 prae-

128 1313 292 1361 sertim
325 1330 477 1379 quum
520 1313 583 1361 ad
623 1312 862 1360 bonorum
892 1329 1210 1377 possessorem
1254 1315 1402 1362 sacris
1436 1332 1553 1363 one-

126 1392 330 1439 randum
349 1392 684 1440 necessarium
716 1407 813 1438 non
856 1390 919 1437 sit
953 1390 1195 1440 auxilium
1227 1393 1548 1458 usucapionis.

127 1470 208 1518 Sic
242 1486 371 1534 ergo,
407 1470 493 1534 qui
524 1470 665 1517 tertio
697 1469 804 1518 loco
838 1469 986 1517 sacris
1022 1479 1258 1531 oneretur,
1293 1488 1434 1519 nemo
1468 1491 1550 1521 su-

125 1557 296 1611 perest,
330 1548 425 1595 nisi
457 1548 558 1612 qui,
594 1565 744 1612 quum
763 1565 917 1612 neque
944 1546 1097 1609 heres,
1132 1565 1286 1612 neque
1309 1549 1549 1599 bonorum

124 1641 364 1691 possessor
396 1625 482 1688 sit,
534 1625 798 1692 plurimum
841 1642 905 1675 ex
935 1624 1077 1675 bonis
1123 1625 1368 1689 defuncti,
1424 1645 1548 1694 quae

124 1702 302 1750 nullius
337 1721 447 1752 esse.
473 1705 838 1765 existimantur,
905 1721 1002 1770 proi
1036 1702 1214 1753 herede
1260 1709 1546 1774 usuceperit.

121 1781 214 1828 Pro
246 1779 427 1830 herede
456 1799 717 1849 usucapere
744 1783 852 1848 quis
882 1782 1034 1849 possit
1065 1792 1113 1830 et
1146 1782 1436 1848 quibusnam
1468 1803 1549 1837 raa-

120 1858 331 1907 tionibus
363 1861 448 1907 ita.
465 1878 724 1927 usucapere
758 1879 834 1909 res
854 1860 1173 1911 hereditarias.
1196 1864 1352 1912 cuivis
1386 1865 1546 1927 liceat,

121 1936 277 1985 Gnus
310 1940 641 1994 Inst.-Comm.
670 1940 732 1987 11.
767 1939 810 2005 ᾧ.
831 1940 1064 1990 52—58.
1107 1943 1358 2007 perspicue
1395 1959 1547 2009 expo-

120 2015 205 2063 nit.
273 2016 413 2077 Eum,
434 2017 533 2081 qui
567 2034 643 2065 res
675 2015 989 2068 hereditarias
1032 2018 1328 2069 deliberante
1364 2020 1422 2068 de
1459 2022 1545 2069 ad-

121 2093 276 2141 eunda
308 2092 571 2144 hereditate
593 2093 781 2145 {herede
823 2095 1218 2163 apprehenderit,
1266 2100 1412 2147 sacris
1447 2118 1547 2150 non.

118 2171 251 2235 prius
287 2172 493 2239 alligari,
528 2181 674 2239 quam
706 2191 785 2224 eas
806 2193 895 2225 ,res
917 2192 1073 2224 annua
1097 2177 1392 2243 possessione
1426 2196 1544 2231 usu*

119 2250 312 2312 ceperit,
345 2251 475 2299 indm
493 2253 845 2318 explicandum*
867 2265 958 2315 est,
983 2255 1125 2319 quod
1155 2254 1341 2317 heredi,
1376 2258 1419 2306 si
1453 2257 1543 2307 he-

114 2325 365 2387 reditatem
395 2340 578 2380 mature
613 2332 822 2396 adiisset,
856 2349 933 2383 eas
965 2350 1041 2381 res
1076 2332 1140 2382 ab
1175 2336 1436 2386 extraneis
1457 2354 1540 2387 oc-

116 2415 326 2469 cupatas·
353 2409 559 2457 necdum
608 2427 766 2459 annua
807 2413 1099 2477 possessione
1148 2418 1402 2479 usucaptas'
1437 2433 1541 2470 omf

114 2483 240 2532 nino·
261 2483 442 2535 licebat
472 2486 732 2539 vindicare.
779 2490 931 2556 Igitur
955 2490 1007 2540 :si
1037 2487 1178 2541 heres
1211 2501 1396 2543 mature
1433 2494 1539 2546 adiv

113 2571 246 2623 erat,
263 2571 363 2609 tam
394 2579 470 2610 res
504 2567 752 2615 vindicare
794 2578 982 2634 poterat
1013 2568 1076 2615 ab
1111 2572 1354 2618 extraneis
1391 2588 1538 2625 occu-

105 2650 276 2704 putas,
299 2658 474 2708 ⁴:quam
505 2647 665 2699 sacris:
685 2647 789 2714 ipse
823 2647 1143 2720 onerabatur.
1190 2648 1308 2707 Jam.
1339 2668 1457 2710 ,ἘθΙὈ
1489 2653 1536 2711 Si
