1675 2835
1431 131 1495 181 19

66 274 209 332 atque
241 262 295 313 id
339 263 435 313 Cel.
482 262 766 313 sinamus·
788 262 922 313 fecit.
954 266 960 272 '
991 262 1116 313 Ante
1161 266 1300 326 vero,
1347 274 1496 332 quam

66 344 373 406 definiamus,
441 345 676 407 quaenam
722 358 953 409 personae
988 341 1087 393 'his
1143 343 1376 393 classibus
1431 361 1495 395 ex

0 419 1 429 ¹
67 421 323 471 Scaevolae
374 421 606 469 sententia
651 422 798 469 sacris
847 421 1233 486 adstringantur,
1302 441 1494 472 necesse

66 511 137 549 est
151 538 165 562 ,
198 510 254 548 ut
286 499 544 548 sententiae
578 500 906 565 antiquiorum
936 500 1223 550 Pontificum
1256 503 1496 551 rationem

64 579 342 628 habeamus.
409 578 481 625 De
523 594 688 626 eorum
729 577 962 625 sententia
1005 577 1199 627 CIcERo'
1235 578 1316 627 de*
1339 583 1492 645 Legg.

62 660 121 711 Π.
155 662 234 708 20.
267 656 389 704 haec
422 656 616 705 scribit:
662 658 806 704 Haec
828 673 926 703 ‘noe
966 673 1000 703 a
1030 659 1271 705 Scaevoia
1308 659 1496 707 didici-

65 754 201 795 mus‚·
254 754 349 783 non
392 732 470 781 ita
516 733 767 799 descripta
821 735 883 782 ab
938 733 1173 797 antiquis.
1240 739 1370 785 Nam
1415 737 1497 785 illi

53 815 265 878 quidem
297 813 375 860 his
406 812 568 861 verbis
601 813 866 868 docebant,
924 812 1088 861 tribue
1130 815 1290 862 modis
1331 816 1494 865 sacris

65 891 345 955 adstringi:
379 890 670 946 hereditate,
707 898 798 938 aut
828 891 876 939 .ςί
904 895 1148 956 majorem
1175 900 1376 958 partem
1404 909 1494 959 pe-

65 970 242 1018 cuniae
275 970 466 1034 capiat,
503 977 594 1017 aut
626 969 675 1016 si
706 973 866 1032 major
894 988 1017 1034 par-s
1045 971 1288 1035 pecuniae
1321 975 1494 1036 legata

65 1056 168 1110 est,
221 1047 269 1095 si
311 1047 427 1095 inde
460 1046 712 1112 quippiam
754 1047 950 1112 ceperit.
1016 1049 1089 1095 Ita
1133 1065 1247 1114 ergo
1284 1060 1392 1098 ante
1425 1052 1491 1099 M.

59 1128 363 1175 ScAEVOLAM
396 1143 472 1174 res
505 1143 606 1173 sese
638 1124 879 1187 habebat,
921 1135 977 1173 ut
1008 1126 1166 1192 primo
1210 1127 1317 1175 ioco
1353 1144 1492 1177 sacra

64 1206 127 1254 ad
159 1204 357 1254 heredes
404 1221 567 1253 omnes
618 1203 1005 1266 devolverentur,
1062 1204 1237 1253 deinde
1281 1206 1344 1254 ad
1392 1225 1493 1270 eos,

65 1285 166 1350 qui,
201 1284 245 1332 si
275 1282 414 1331 heres
428 1307 433 1317 ·-
447 1301 544 1331 non
578 1283 1013 1349 esset,'plurimum
1046 1300 1111 1331 ex
1141 1283 1282 1332 bonis
1318 1285 1492 1334 defun—

63 1364 133 1411 cti
164 1379 252 1428 pro
284 1360 460 1409 herede
493 1361 842 1427 usucepissent,
886 1361 1094 1425 denique
1128 1357 1192 1409 ad
1224 1380 1335 1419 eos,
1382 1366 1495 1429 qui-

62 1440 156 1488 bus
199 1439 354 1506 major
396 1455 507 1505 pars
549 1439 782 1504 pecuniae
823 1439 983 1504 legata
1027 1448 1161 1487 esset.
1228 1439 1386 1506 Atque
1432 1443 1495 1490 ad

63 1518 350 1584 legatarium
404 1517 690 1583 partiarium
741 1517 889 1565 sacris
933 1516 1228 1564 onerandum
1273 1518 1493 1568 sufficere

61 1597 315 1645 Pontifices
351 1595 710 1643 arbitrabantur
743 1596 1062 1660 antiquiores,
1117 1595 1164 1643 si·
1200 1595 1356 1661 legati
1393 1598 1493 1646 sibi

62 1675 223 1723 relicti
254 1674 334 1722 vel
364 1674 615 1722 minimam
646 1682 843 1739 partem
876 1674 1090 1740 cepisset.
1159 1672 1302 1735 Quod
1335 1692 1400 1723 ex
1433 1692 1492 1724 eo

60 1753 210 1799 etiam
241 1762 396 1817 patet,
431 1753 561 1816 quod
594 1752 779 1799 ClcERo
800 1753 846 1799 rl.
882 1753 913 1799 Ζ.
949 1769 1054 1816 cap.
1089 1754 1170 1801 2-1.
1196 1753 1392 1814 scribit,
1429 1755 1494 1802 ad

61 1828 349 1894 legatarium
383 1845 411 1877 a
444 1829 591 1877 sacris
625 1828 932 1877 liberandum
972 1827 1099 1876 nihil
1130 1829 1392 1895 profuisse,
1449 1832 1495 1879 si

61 1908 321 1974 legatarius
354 1908 511 1955 minus
546 1908 773 1973 cepisset,
806 1924 975 1972 'quam
1008 1908 1056 1955 ei
1100 1918 1221 1956 esset
1253 1908 1492 1972 relictum,

54 2003 129 2033 .ex
164 1986 489 2050 antiquiorum
524 1995 650 2033 certe
665 1986 922 2046 sententia,
956 1985 1072 2033 licet
1091 1985 1352 2033 ScAnvoLA
1376 2003 1493 2034 con-

61 2065 268 2111 trarium
300 2063 579 2112 defenderit.
646 2062 809 2111 Verba
854 2062 980 2111 haec
1017 2072 1149 2111 sunt:
1217 2062 1363 2124 Quid‘
1395 2066 1494 2112 Izuc

63 2141 276 2189 accessit
309 2160 372 2198 ex
396 2145 514 2205 jure
548 2139 729 2189 civili?
758 2140 1051 2206 partitionis
1072 2149 1228 2206 caput
1247 2141 1492 2207 scriptum

57 2229 234 2283 (caute,
278 2228 336 2268 ut
378 2228 574 2269 centum
606 2219 796 2268 nummi
840 2221 1213 2269 deducerentur.
1282 2223 1493 2269 Inventa

56 2307 139 2346 est
171 2299 327 2361 ratio,
384 2318 474 2347 cur
504 2299 717 2365 pecunia
748 2318 1009 2348 sacrorum>
1046 2298 1273 2347 molestia
1307 2298 1492 2347 libera—

60 2385 216 2426 retur.
290 2381 431 2440 Quod
472 2377 520 2425 -si
560 2381 677 2435 hoc,
732 2378 818 2442 qui
858 2376 1207 2427 testamentum
1238 2376 1490 2439 faciebat,

56 2474 238 2505 cavere
270 2456 530 2511 noluisset,
577 2459 811 2506 admonet
841 2457 1232 2505 Jurieconsultue
1266 2455 1350 2503 hic
1384 2455 1495 2519 qui-

56 2535 174 2582 dem
207 2534 312 2599 ip-se
343 2534 581 2591 Mucius,
632 2534 865 2602 pontifex
898 2534 1058 2591 idem,
1117 2541 1175 2581 ut
1208 2533 1374 2587 minue
1408 2553 1494 2582 ca-

54 2613 192 2676 piat,
244 2632 393 2677 quam
440 2614 662 2662 omnibus
681 2639 686 2644 ›
704 2612 967 2662 heredibus
1000 2612 1327 2677 relinquatur.
1398 2617 1493 2662 Su·-

54 2693 275 2755 perioree
335 2692 593 2755 dicebant,
646 2692 885 2758 quicquid
932 2693 1164 2760 cepi-eset,
1221 2691 1490 2758 aelst-tingi.

1166 2771 1235 2814 2*
