1675 2835
1419 123 1479 172 21

60 269 233 321 Nostra
264 264 497 316 memoria
529 263 608 313 Ill.
645 263 920 313 SAvmmus
952 261 1007 311 id
1038 260 1173 322 fecit,
1210 258 1483 325 conjectura

59 350 206 407 nisus,
241 362 307 394 ex
338 361 448 410 qua-
469 360 594 391 cum.
611 344 928 410 patrimonio,
963 342 1094 406 quod
1127 358 1191 388 ex
1222 338 1328 405 jure
1363 336 1483 396 Qui-

59 426 227 476 ritium
259 420 555 490 possidetur,
601 438 737 471 sacra
778 421 942 488 juncta
985 428 1107 468 sunt.
1177 416 1334 478 Quam
1369 430 1484 464 con-

58 506 292 571 jecturam
325 517 452 551 cum·
469 509 607 547 antea
650 498 1091 565 impugnaverimus
1136 510 1336 558 eamque
1370 508 1484 558 pro-

58 581 170 631 bari
193 598 298 630 ⁴non
329 594 472 646 posse
503 578 749 627 ostendere
782 575 888 625 ausi
920 574 1152 624 fuerimus
1167 611 1181 636 ‚
1236 572 1342 621 fieri
1385 587 1483 619 non

59 670 239 727 potest,
298 658 419 723 quin
453 657 571 705 alias
604 672 832 725 personas
877 654 940 702 iis
981 653 1213 701 classibus
1248 650 1483 700 contineri

61 738 377 797 arbitremur,
445 745 586 801 atque
632 752 738 797 eas,
805 749 925 799 quas
981 732 1059 780 Ill.
1108 730 1377 779 SAvmmus
1419 729 1481 777 iis

62 812 434 882 comprehendit.

697 951 741 1011 ς.
810 946 859 995 9.

194 1048 409 1096 Primum
441 1047 699 1096 ScAEvoLA
741 1055 935 1096 auctore
965 1047 1112 1096 sacris
1147 1062 1308 1094 onmes
1340 1043 1486 1093 here-

63 1127 145 1175 des
182 1126 466 1191 alligantur.-
522 1125 727 1188 Quotam
774 1126 976 1192 quisque
1024 1124 1162 1183 heres
1205 1123 1502 1173 hereditatis.

61 1216 247 1272 partem
280 1205 544 1270 acceperit„
566 1203 692 1251 nihil
723 1206 932 1253 interest.
967 1204 1097 1254 Voce
1124 1202 1358 1252 heredum
1391 1201 1486 1250 hoc

60 1284 167 1331 loco
205 1284 299 1330 Cel.
336 1283 608 1330 SAvams
642 1284 675 1330 l.
711 1284 741 1330 l.
773 1300 889 1349 pag.
918 1282 1029 1331 365.
1065 1281 1265 1330 heredes
1302 1281 1484 1342 civiles,

62 1379 157 1409 non
189 1361 428 1407 bonorum
460 1377 749 1425 possessores
785 1360 1122 1424 intelligendos
1167 1378 1266 1408 esse
1304 1370 1484 1418 censet,

62 1456 236 1504 eosque
269 1439 412 1486 ter-tia
446 1438 639 1486 demum
675 1438 855 1500 classe,
899 1438 962 1486 ad
995 1455 1132 1487 sacra
1166 1438 1487 1487 conti-uuanda

61 1528 198 1585 putat
232 1516 465 1581 obligari,
507 1517 551 1563 si
583 1516 648 1563 de.
676 1516 843 1579 bonis,
889 1534 1011 1582 quae
1046 1518 1263 1565 defuncti
1290 1517 1484 1577 suerint,

60 1596 376 1662 usuceperint.
411 1594 579 1659 Neque
612 1595 833 1643 omnihus
866 1595 1104 1645 honorum
1134 1596 1486 1663 possessoribus

12 1709 15 1712 -
59 1675 200 1722 tertia
235 1674 382 1721 classe
415 1689 662 1720 sacrorum
694 1690 812 1721 onus
848 1674 1091 1740 injunxit,
1158 1675 1244 1722 sed
1286 1675 1334 1722 ei
1376 1674 1484 1735 soli,

63 1753 148 1817 qui
180 1752 443 1818 plurimum
477 1751 535 1798 de
569 1751 708 1799 bonis
743 1752 960 1800 defuncti
1006 1754 1290 1818 usuceperit.
1358 1753 1486 1800 Ean-

61 1831 171 1878 dem
203 1830 484 1878 senteutiam
506 1830 598 1878 Cel.
621 1831 765 1878 Hueo
799 1831 851 1879 in
883 1831 1011 1879 libro
1043 1832 1298 1898 inscripto:
1332 1833 1489 1880 13εῆ1*-

62 1910 188 1956 buch.
222 1910 311 1956 der
348 1908 642 1956 Geso-hichie
685 1910 773 1956 des
807 1909 1081 1957 romischen
1112 1913 1337 1960 Rechtes.
1368 1929 1485 1976 pag.

63 1989 177 2037 502.
213 1997 260 2035 et
293 1987 405 2036 504.
442 1993 539 2035 not.
576 1987 621 2036 5.
657 1987 769 2036 edit.
802 1988 870 2037 X.
914 1988 1076 2037 fovere
1109 1990 1322 2052 videtur,
1373 1990 1488 2039 h'eet

61 2066 311 2132 perspicue
345 2082 441 2112 non
474 2066 734 2130 significet,
792 2085 909 2115 num
940 2068 993 2115 in
1024 2069 1180 2133 prima
1214 2085 1279 2117 au
1308 2070 1360 2117 in
1392 2079 1488 2116 ter-

61 2146 131 2192 tia
165 2145 312 2193 classe
347 2143 585 2191 bonorum
617 2146 878 2210 possessori
919 2157 1112 2212 propter
1155 2164 1290 2195 sacra
1334 2148 1488 2195 conti-

64 2223 257 2271 nuanda
302 2222 464 2283 locum
503 2222 722 2271 tribuat.v
768 2224 894 2272 Nam
936 2225 967 2271 l.
1003 2225 1033 2271 l.
1065 2242 1191 2290 pag.-
1218 2226 1328 2274 502.
1382 2224 1486 2280 „in

62 2303 368 2363 „Ansehung
402 2301 491 2347 der
523 2311 749 2358 sacra,“
796 2303 898 2359 ait,
947 2322 1106 2359 „war
1131 2304 1313 2366 gewiss
1346 2304 1487 2351 nicht

62 2380 187 2440 „der
216 2378 556 2434 Unterschied,
594 2381 712 2428 dass
731 2381 1066 2438 die-bonorum
1082 2382 1320 2447 possessio
1347 2382 1488 2430 nicht

61 2459 224 2518 „auch
258 2458 610 2522 urspriingliclz
655 2476 725 2507 zu
758 2459 904 2506 ihnen
945 2460 1257 2525 verpflichz‘et
1289 2464 1488 2510 hdttef‘

60 2536 138 2586 Ex
172 2554 267 2603 quo
301 2538 439 2603 sequi
471 2537 676 2602 videtur,
717 2539 800 2588 Ill.
833 2539 1087 2588 HuooNEM
1122 2558 1331 2606 aequum
1378 2560 1491 2591 cen-

51 2633 191 2672 sere,
227 2617 372 2664 sicuti
399 2615 651 2680 heredem,
698 2619 767 2666 ita
799 2620 948 2668 etiam
980 2618 1219 2668 honorum
1250 2637 1492 2687 possesso—

58 2708 163 2743 rem
206 2696 372 2762 prima
420 2696 582 2746 statim
629 2697 779 2747 classe
829 2699 978 2748 sacris
1034 2700 1235 2749 onerari.
1306 2701 1402 2749 Sed
1449 2702 1492 2748 si
